@article{Hochbaum98,
  title={Analysis of the greedy approach in problems of maximum k-coverage},
  author={Hochbaum, Dorit S and Pathria, Anu},
  journal={Naval Research Logistics (NRL)},
  volume={45},
  number={6},
  pages={615--627},
  year={1998},
  publisher={Wiley Online Library}
}

