@techreport{
  Satalia22,
    author      = "Satalia Team",
    title       = "The Attestation Packing Problem (internal)",
    institution = "Satalia (NPComplete Ltd)",
    year        = "2022"
}

@techreport{
  Satalia22a,
    author      = "Satalia Team",
    title       = "The Attestation Packing Problem (abridged)",
    institution = "Satalia (NPComplete Ltd)",
    year        = "2022"
}

@article{
  Bron73,
    author = {Bron, Coen and Kerbosch, Joep},
    title = {Algorithm 457: Finding All Cliques of an Undirected Graph},
    year = {1973},
    issue_date = {Sept. 1973},
    publisher = {Association for Computing Machinery},
    address = {New York, NY, USA},
    volume = {16},
    number = {9},
    issn = {0001-0782},
    url = {https://doi.org/10.1145/362342.362367},
    doi = {10.1145/362342.362367},
    journal = {Commun. ACM},
    month = {sep},
    pages = {575–577},
    numpages = {3},
    keywords = {cliques, recursion, clusters, branch and bound technique, maximal complete subgraphs, backtracking algorithm}
}

@inproceedings{
  Eppstein11,
    title={Listing all maximal cliques in large sparse real-world graphs},
    author={Eppstein, David and Strash, Darren},
    booktitle={International Symposium on Experimental Algorithms},
    pages={364--375},
    year={2011},
    organization={Springer}
}

@article{
  Koch01,
    title = {Enumerating all connected maximal common subgraphs in two graphs},
    journal = {Theoretical Computer Science},
    volume = {250},
    number = {1},
    pages = {1-30},
    year = {2001},
    issn = {0304-3975},
    doi = {https://doi.org/10.1016/S0304-3975(00)00286-3},
    url = {https://www.sciencedirect.com/science/article/pii/S0304397500002863},
    author = {Ina Koch},
    keywords = {Graph theory, Connected maximal common subgraphs, Cliques, Bron–Kerbosch algorithm},
}

@article{
  Cazals05,
    title={An algorithm for reporting maximal c-cliques},
    author={Cazals, Fr{\'e}d{\'e}ric and Karande, Chinmay},
    journal={Theoretical Computer Science},
    volume={349},
    number={3},
    pages={484--490},
    year={2005},
    publisher={Elsevier}
}

@article{
  Martello87,
    title={Algorithms for knapsack problems},
    author={Martello, Silvano and Toth, Paolo},
    journal={North-Holland Mathematics Studies},
    volume={132},
    pages={213--257},
    year={1987},
    publisher={Elsevier}
}

